
<record>
    <controlfield tag="003">ESCWA</controlfield>
    <datafield tag="191" ind1=" " ind2=" ">
        <subfield code="a">E/ESCWA/2017/EC.4/L.2</subfield>
    </datafield>
    <datafield tag="245" ind1=" " ind2=" ">
        <subfield code="a">ORGANIZATION OF WORK : NOTE BY THE SECRETARIAT : ECONOMIC AND SOCIAL COMMISSION FOR WESTERN ASIA (ESCWA). EXECUTIVE COMMITTEE, FOURTH MEETING, BEIRUT, 13 - 14 DECEMBER 2017</subfield>
    </datafield>
    <datafield tag="246" ind1=" " ind2=" ">
        <subfield code="a">تنظيم الاعمال : مذكرة من الامانة التنفيذية  : اللجنة الاقتصادية والاجتماعية لغربي آسيا. اللجنة التنفيذية، الاجتماع الرابع، بيروت، 13 - 14 كانون الاول/ديسمبر 2017</subfield>
    </datafield>
    <datafield tag="260" ind1=" " ind2=" ">
        <subfield code="a">08 Dec. 2017</subfield>
    </datafield>
    <datafield tag="269" ind1=" " ind2=" ">
        <subfield code="a">2017-12-08</subfield>
    </datafield>
    <datafield tag="650" ind1=" " ind2=" ">
        <subfield code="0">269969</subfield>
        <subfield code="a">REGIONAL COMMISSIONS</subfield>
    </datafield>
    <datafield tag="650" ind1=" " ind2=" ">
        <subfield code="0">275766</subfield>
        <subfield code="a">INTERGOVERNMENTAL BODIES</subfield>
    </datafield>
    <datafield tag="650" ind1=" " ind2=" ">
        <subfield code="0">268357</subfield>
        <subfield code="a">EXECUTIVE ADVISORY BODIES</subfield>
    </datafield>
    <datafield tag="650" ind1=" " ind2=" ">
        <subfield code="0">275758</subfield>
        <subfield code="a">CONFERENCES</subfield>
    </datafield>
    <datafield tag="651" ind1=" " ind2=" ">
        <subfield code="0">268705</subfield>
        <subfield code="a">ARAB COUNTRIES</subfield>
    </datafield>
    <datafield tag="980" ind1=" " ind2=" ">
        <subfield code="a">BIB</subfield>
    </datafield>
    <datafield tag="981" ind1=" " ind2=" ">
        <subfield code="a">Economic Commissions</subfield>
        <subfield code="b">Economic and Social Commission for Western Asia</subfield>
    </datafield>
    <datafield tag="989" ind1=" " ind2=" ">
        <subfield code="a">Documents and Publications</subfield>
    </datafield>
</record>