
<record>
    <controlfield tag="003">ESCWA</controlfield>
    <datafield tag="191" ind1=" " ind2=" ">
        <subfield code="a">E/ESCWA/30/16</subfield>
    </datafield>
    <datafield tag="245" ind1=" " ind2=" ">
        <subfield code="a">PROPOSED AMENDMENTS TO THE STRATEGIC FRAMEWORK AND PROGRAMME OF WORK FOR THE BIENNIUM 2018-2019 : ECONOMIC AND SOCIAL COMMISSION FOR WESTERN ASIA (ESCWA),THIRTIETH SESSION, BEIRUT, 25-28 JUNE 2018</subfield>
    </datafield>
    <datafield tag="260" ind1=" " ind2=" ">
        <subfield code="a">25 Apr. 2018</subfield>
    </datafield>
    <datafield tag="269" ind1=" " ind2=" ">
        <subfield code="a">2018-04-25</subfield>
    </datafield>
    <datafield tag="650" ind1=" " ind2=" ">
        <subfield code="0">275800</subfield>
        <subfield code="a">WORK PROGRAMME</subfield>
    </datafield>
    <datafield tag="650" ind1=" " ind2=" ">
        <subfield code="0">10189</subfield>
        <subfield code="a">PROGRAMME MANAGEMENT</subfield>
    </datafield>
    <datafield tag="650" ind1=" " ind2=" ">
        <subfield code="0">275798</subfield>
        <subfield code="a">PROGRAMME PLANNING</subfield>
    </datafield>
    <datafield tag="650" ind1=" " ind2=" ">
        <subfield code="0">269969</subfield>
        <subfield code="a">REGIONAL COMMISSIONS</subfield>
    </datafield>
    <datafield tag="651" ind1=" " ind2=" ">
        <subfield code="0">275490</subfield>
        <subfield code="a">WESTERN ASIA</subfield>
    </datafield>
    <datafield tag="980" ind1=" " ind2=" ">
        <subfield code="a">BIB</subfield>
    </datafield>
    <datafield tag="981" ind1=" " ind2=" ">
        <subfield code="a">Economic Commissions</subfield>
        <subfield code="b">Economic and Social Commission for Western Asia</subfield>
    </datafield>
    <datafield tag="989" ind1=" " ind2=" ">
        <subfield code="a">Documents and Publications</subfield>
    </datafield>
</record>