
<record>
    <controlfield tag="003">ESCWA</controlfield>
    <datafield tag="191" ind1=" " ind2=" ">
        <subfield code="a">E/ESCWA/30/3</subfield>
    </datafield>
    <datafield tag="245" ind1=" " ind2=" ">
        <subfield code="a">CONSIDERATION OF REQUESTS BY STATES OF THE UNITED NATIONS AND/OR ITS SPECIALIZED AGENCIES THAT ARE NOT MEMBERS OF ESCWA TO PARTICIPATE AS OBSERVERS IN THE THIRTIETH SESSION OF THE COMMISSION, ECONOMIC AND SOCIAL COMMISSION FOR WESTERN ASIA (ESCWA),THIRTIETH SESSION, BEIRUT, 25-28 JUNE 2018</subfield>
    </datafield>
    <datafield tag="260" ind1=" " ind2=" ">
        <subfield code="a">15 May. 2018</subfield>
    </datafield>
    <datafield tag="269" ind1=" " ind2=" ">
        <subfield code="a">2018-05-15</subfield>
    </datafield>
    <datafield tag="650" ind1=" " ind2=" ">
        <subfield code="0">269969</subfield>
        <subfield code="a">REGIONAL COMMISSIONS</subfield>
    </datafield>
    <datafield tag="650" ind1=" " ind2=" ">
        <subfield code="0">275758</subfield>
        <subfield code="a">CONFERENCES</subfield>
    </datafield>
    <datafield tag="650" ind1=" " ind2=" ">
        <subfield code="0">275791</subfield>
        <subfield code="a">OBSERVER STATUS</subfield>
    </datafield>
    <datafield tag="650" ind1=" " ind2=" ">
        <subfield code="0">268581</subfield>
        <subfield code="a">SPECIALIZED AGENCIES</subfield>
    </datafield>
    <datafield tag="651" ind1=" " ind2=" ">
        <subfield code="0">275490</subfield>
        <subfield code="a">WESTERN ASIA</subfield>
    </datafield>
    <datafield tag="980" ind1=" " ind2=" ">
        <subfield code="a">BIB</subfield>
    </datafield>
    <datafield tag="981" ind1=" " ind2=" ">
        <subfield code="a">Economic Commissions</subfield>
        <subfield code="b">Economic and Social Commission for Western Asia</subfield>
    </datafield>
    <datafield tag="989" ind1=" " ind2=" ">
        <subfield code="a">Documents and Publications</subfield>
    </datafield>
</record>