
<record>
    <controlfield tag="003">ESCWA</controlfield>
    <datafield tag="191" ind1=" " ind2=" ">
        <subfield code="a">E/ESCWA/C.1/19/4(PARTI)/ADD.5</subfield>
    </datafield>
    <datafield tag="245" ind1=" " ind2=" ">
        <subfield code="a">REPORT ON THE ACTIVITIES OF THE TRANSPORT AND COMMUNICATIONS DECADE IN WESTERN ASIA : PHASE 2 (1992-1996)</subfield>
    </datafield>
    <datafield tag="260" ind1=" " ind2=" ">
        <subfield code="a">01 Apr. 1997</subfield>
    </datafield>
    <datafield tag="269" ind1=" " ind2=" ">
        <subfield code="a">1997-04-01</subfield>
    </datafield>
    <datafield tag="650" ind1=" " ind2=" ">
        <subfield code="0">272243</subfield>
        <subfield code="a">TRANSPORT</subfield>
    </datafield>
    <datafield tag="650" ind1=" " ind2=" ">
        <subfield code="0">272411</subfield>
        <subfield code="a">COMMUNICATIONS</subfield>
    </datafield>
    <datafield tag="650" ind1=" " ind2=" ">
        <subfield code="0">268661</subfield>
        <subfield code="a">INTERNATIONAL DECADES</subfield>
    </datafield>
    <datafield tag="651" ind1=" " ind2=" ">
        <subfield code="0">275490</subfield>
        <subfield code="a">WESTERN ASIA</subfield>
    </datafield>
    <datafield tag="651" ind1=" " ind2=" ">
        <subfield code="0">268707</subfield>
        <subfield code="a">ASIA AND THE PACIFIC</subfield>
    </datafield>
    <datafield tag="980" ind1=" " ind2=" ">
        <subfield code="a">BIB</subfield>
    </datafield>
    <datafield tag="981" ind1=" " ind2=" ">
        <subfield code="a">Economic Commissions</subfield>
        <subfield code="b">Economic and Social Commission for Western Asia</subfield>
    </datafield>
    <datafield tag="989" ind1=" " ind2=" ">
        <subfield code="a">Documents and Publications</subfield>
    </datafield>
</record>