
<record>
    <controlfield tag="003">ESCWA</controlfield>
    <datafield tag="191" ind1=" " ind2=" ">
        <subfield code="a">E/ESCWA/ECW/2017/IG.1/7/REPORT</subfield>
    </datafield>
    <datafield tag="245" ind1=" " ind2=" ">
        <subfield code="a">REPORT : EIGHTH SESSION OF THE COMMITTEE ON WOMEN, BEIRUT, 4 - 5 OCTOBER 2017</subfield>
    </datafield>
    <datafield tag="246" ind1=" " ind2=" ">
        <subfield code="a">تقرير لجنة المرأة عن دورتها الثامنة، بيروت، 4 - 5 تشرين الاول/اكتوبر 2017</subfield>
    </datafield>
    <datafield tag="260" ind1=" " ind2=" ">
        <subfield code="a">21 Nov. 2017</subfield>
    </datafield>
    <datafield tag="269" ind1=" " ind2=" ">
        <subfield code="a">2017-11-21</subfield>
    </datafield>
    <datafield tag="650" ind1=" " ind2=" ">
        <subfield code="0">273158</subfield>
        <subfield code="a">WOMEN'S ADVANCEMENT</subfield>
    </datafield>
    <datafield tag="650" ind1=" " ind2=" ">
        <subfield code="0">273161</subfield>
        <subfield code="a">WOMEN'S RIGHTS</subfield>
    </datafield>
    <datafield tag="650" ind1=" " ind2=" ">
        <subfield code="0">269378</subfield>
        <subfield code="a">WOMEN'S STATUS</subfield>
    </datafield>
    <datafield tag="650" ind1=" " ind2=" ">
        <subfield code="0">652111</subfield>
        <subfield code="a">WOMEN IN ARMED CONFLICTS</subfield>
    </datafield>
    <datafield tag="650" ind1=" " ind2=" ">
        <subfield code="0">269878</subfield>
        <subfield code="a">WOMEN IN DEVELOPMENT</subfield>
    </datafield>
    <datafield tag="650" ind1=" " ind2=" ">
        <subfield code="0">268479</subfield>
        <subfield code="a">WOMEN IN POLITICS</subfield>
    </datafield>
    <datafield tag="650" ind1=" " ind2=" ">
        <subfield code="0">441178</subfield>
        <subfield code="a">GENDER EQUALITY</subfield>
    </datafield>
    <datafield tag="650" ind1=" " ind2=" ">
        <subfield code="0">276684</subfield>
        <subfield code="a">GENDER-BASED VIOLENCE</subfield>
    </datafield>
    <datafield tag="650" ind1=" " ind2=" ">
        <subfield code="0">269948</subfield>
        <subfield code="a">PUBLIC INSTITUTIONS</subfield>
    </datafield>
    <datafield tag="650" ind1=" " ind2=" ">
        <subfield code="0">275766</subfield>
        <subfield code="a">INTERGOVERNMENTAL BODIES</subfield>
    </datafield>
    <datafield tag="650" ind1=" " ind2=" ">
        <subfield code="0">269969</subfield>
        <subfield code="a">REGIONAL COMMISSIONS</subfield>
    </datafield>
    <datafield tag="650" ind1=" " ind2=" ">
        <subfield code="0">275758</subfield>
        <subfield code="a">CONFERENCES</subfield>
    </datafield>
    <datafield tag="651" ind1=" " ind2=" ">
        <subfield code="0">268705</subfield>
        <subfield code="a">ARAB COUNTRIES</subfield>
    </datafield>
    <datafield tag="980" ind1=" " ind2=" ">
        <subfield code="a">BIB</subfield>
    </datafield>
    <datafield tag="981" ind1=" " ind2=" ">
        <subfield code="a">Economic Commissions</subfield>
        <subfield code="b">Economic and Social Commission for Western Asia</subfield>
    </datafield>
    <datafield tag="989" ind1=" " ind2=" ">
        <subfield code="a">Documents and Publications</subfield>
    </datafield>
</record>