
<record>
    <controlfield tag="003">ESCWA</controlfield>
    <datafield tag="191" ind1=" " ind2=" ">
        <subfield code="a">E/ESCWA/EDID/2016/IG.1/4(PART I)/REV.1</subfield>
    </datafield>
    <datafield tag="245" ind1=" " ind2=" ">
        <subfield code="a">THE ROLE OF TRANSPORT IN THE CONNECTIVITY TO GLOBAL VALUE CHAINS : ECONOMIC AND SOCIAL COMMISSION FOR WESTERN ASIA (ESCWA) COMMITTEE ON LIBERALIZATION OF FOREIGN TRADE, ECONOMIC GLOBALIZATION AND FINANCING FOR DEVELOPMENT, ELEVENTH SESSION (LIBERALIZATION OF FOREIGN TRADE), BEIRUT, 27 - 28 NOVEMBER 2017</subfield>
    </datafield>
    <datafield tag="246" ind1=" " ind2=" ">
        <subfield code="a">دور النقل في تعزيز الاتصال بسلاسل القيمة العالمية : اللجنة الاقتصادية والاجتماعية لغربي آسيا (الاسكوا). اللجنة المعنية بتحرير التجارة الخارجية والعولمة الاقتصادية وتمويل التنمية، الدورة الحادية عشرة (تحرير التجارة الخارجية)، بيروت، 27 - 28 تشرين الثاني/نوفمبر 2017</subfield>
    </datafield>
    <datafield tag="260" ind1=" " ind2=" ">
        <subfield code="a">03 Oct. 2017</subfield>
    </datafield>
    <datafield tag="269" ind1=" " ind2=" ">
        <subfield code="a">2017-10-03</subfield>
    </datafield>
    <datafield tag="650" ind1=" " ind2=" ">
        <subfield code="0">272243</subfield>
        <subfield code="a">TRANSPORT</subfield>
    </datafield>
    <datafield tag="650" ind1=" " ind2=" ">
        <subfield code="0">272281</subfield>
        <subfield code="a">TRANSPORT INFRASTRUCTURE</subfield>
    </datafield>
    <datafield tag="650" ind1=" " ind2=" ">
        <subfield code="0">269939</subfield>
        <subfield code="a">ECONOMIC CONVERSION</subfield>
    </datafield>
    <datafield tag="650" ind1=" " ind2=" ">
        <subfield code="0">275766</subfield>
        <subfield code="a">INTERGOVERNMENTAL BODIES</subfield>
    </datafield>
    <datafield tag="650" ind1=" " ind2=" ">
        <subfield code="0">275758</subfield>
        <subfield code="a">CONFERENCES</subfield>
    </datafield>
    <datafield tag="651" ind1=" " ind2=" ">
        <subfield code="0">268705</subfield>
        <subfield code="a">ARAB COUNTRIES</subfield>
    </datafield>
    <datafield tag="980" ind1=" " ind2=" ">
        <subfield code="a">BIB</subfield>
    </datafield>
    <datafield tag="981" ind1=" " ind2=" ">
        <subfield code="a">Economic Commissions</subfield>
        <subfield code="b">Economic and Social Commission for Western Asia</subfield>
    </datafield>
    <datafield tag="989" ind1=" " ind2=" ">
        <subfield code="a">Documents and Publications</subfield>
    </datafield>
</record>