
<record>
    <controlfield tag="003">ESCWA</controlfield>
    <datafield tag="191" ind1=" " ind2=" ">
        <subfield code="a">E/ESCWA/TDD/2017/WG.4/REPORT</subfield>
    </datafield>
    <datafield tag="245" ind1=" " ind2=" ">
        <subfield code="a">REPORT : WORKSHOP ON FOSTERING INNOVATION IN THE PUBLIC SECTORS OF ARAB COUNTRIES, CAIRO, 30 - 31 OCTOBER 2017</subfield>
    </datafield>
    <datafield tag="260" ind1=" " ind2=" ">
        <subfield code="a">17 Feb. 2018</subfield>
    </datafield>
    <datafield tag="269" ind1=" " ind2=" ">
        <subfield code="a">2018-02-17</subfield>
    </datafield>
    <datafield tag="650" ind1=" " ind2=" ">
        <subfield code="0">271352</subfield>
        <subfield code="a">INNOVATIONS</subfield>
    </datafield>
    <datafield tag="650" ind1=" " ind2=" ">
        <subfield code="0">269679</subfield>
        <subfield code="a">PUBLIC SECTOR</subfield>
    </datafield>
    <datafield tag="650" ind1=" " ind2=" ">
        <subfield code="0">270223</subfield>
        <subfield code="a">DECISION-MAKING</subfield>
    </datafield>
    <datafield tag="650" ind1=" " ind2=" ">
        <subfield code="0">275758</subfield>
        <subfield code="a">CONFERENCES</subfield>
    </datafield>
    <datafield tag="651" ind1=" " ind2=" ">
        <subfield code="0">268705</subfield>
        <subfield code="a">ARAB COUNTRIES</subfield>
    </datafield>
    <datafield tag="980" ind1=" " ind2=" ">
        <subfield code="a">BIB</subfield>
    </datafield>
    <datafield tag="981" ind1=" " ind2=" ">
        <subfield code="a">Economic Commissions</subfield>
        <subfield code="b">Economic and Social Commission for Western Asia</subfield>
    </datafield>
    <datafield tag="989" ind1=" " ind2=" ">
        <subfield code="a">Documents and Publications</subfield>
    </datafield>
</record>